<?xml version="1.0" encoding="UTF-8"?>
<collection xmlns="http://www.loc.gov/MARC21/slim">
  <!-- 600 only -->
  <record>
    <leader>00755cam a2200229I  4500</leader>
    <controlfield tag="001">a3743949</controlfield>
    <controlfield tag="008">730111s1971    fr f     b    000 0 spa  </controlfield>
    <datafield tag="245" ind1="1" ind2="3">
      <subfield code="a">600ad</subfield>
    </datafield>
    <datafield tag="600" ind1="2" ind2="0">
      <subfield code="a">García Lorca, Federico,</subfield>
      <subfield code="d">1898-1936.</subfield>
    </datafield>
  </record>