
  <!-- 600aqdx -->
  <record>
    <leader>00755cam a2200229I  4500</leader>
    <controlfield tag="001">a600aqdx</controlfield>
    <controlfield tag="008">730111s1971    fr f     b    000 0 eng  </controlfield>
    <datafield tag="245" ind1="1" ind2="3">
      <subfield code="a">600aqdx</subfield>
    </datafield>
    <datafield tag="600" ind1="1" ind2="0">
      <subfield code="a">Kennedy, John F.</subfield>
      <subfield code="q">(John Fitzgerald),</subfield>
      <subfield code="d">1917-1963</subfield>
      <subfield code="x">Assassination.</subfield>
    </datafield>
  </record>