
  <!-- 600adtpof -->
  <record>
    <leader>00755cam a2200229I  4500</leader>
    <controlfield tag="001">a600adtpof</controlfield>
    <controlfield tag="008">730111s1971    fr f     b    000 0 eng  </controlfield>
    <datafield tag="245" ind1="1" ind2="3">
      <subfield code="a">600adtpof</subfield>
    </datafield>
    <datafield tag="600" ind1="1" ind2="0">
      <subfield code="a">Hindemith, Paul,</subfield>
      <subfield code="d">1895-1963.</subfield>
      <subfield code="t">Nobilissima visione.</subfield>
      <subfield code="p">Meditation;</subfield>
      <subfield code="o">arr.</subfield>
      <subfield code="f">1977.</subfield>
    </datafield>
  </record>