
  <!-- 600-6a, 650 -->
  <record>
    <leader>00771cam a22002171a 4500</leader>
    <controlfield tag="001">a6676531</controlfield>
    <controlfield tag="008">060727s1982    ja a          000 0ajpn  </controlfield>
    <datafield tag="245" ind1="1" ind2="0">
      <subfield code="a">600-6a, 650azv</subfield>
    </datafield>
    <datafield tag="600" ind1="1" ind2="0">
      <subfield code="6">880-04</subfield>
      <subfield code="a">Harada, Tōmin.</subfield>
    </datafield>
    <datafield tag="650" ind1=" " ind2="0">
      <subfield code="a">Surgeons</subfield>
      <subfield code="z">Japan</subfield>
      <subfield code="v">Biography.</subfield>
    </datafield>
  </record>