
  <!-- 600, 650 -->
  <record>
    <leader>00880cam a2200217 i 4500</leader>
    <controlfield tag="001">a919006</controlfield>
    <controlfield tag="008">770207r19771901gw       b    001 0 ger d</controlfield>
    <datafield tag="245" ind1="1" ind2="0">
      <subfield code="a">600ac, 650a</subfield>
    </datafield>
    <datafield tag="600" ind1="0" ind2="0">
      <subfield code="a">Heliodorus,</subfield>
      <subfield code="c">of Emesa.</subfield>
    </datafield>
    <datafield tag="650" ind1=" " ind2="0">
      <subfield code="a">Literature, Comparative.</subfield>
    </datafield>
  </record>