
  <!-- 600, 650 -->
  <record>
    <leader>04473cam a2200313Ia 4500</leader>
    <controlfield tag="001">a5666387</controlfield>
    <controlfield tag="008">040202s2003    fi g     b    100 0deng d</controlfield>
    <datafield tag="245" ind1="1" ind2="0">
      <subfield code="a">600adv, 650av</subfield>
    </datafield>
    <datafield tag="600" ind1="1" ind2="0">
      <subfield code="a">Sibelius, Jean,</subfield>
      <subfield code="d">1865-1957</subfield>
      <subfield code="v">Congresses.</subfield>
    </datafield>
    <datafield tag="650" ind1=" " ind2="0">
      <subfield code="a">Music</subfield>
      <subfield code="v">Congresses.</subfield>
    </datafield>
  </record>