
  <!-- 600, 650, 651 -->
  <record>
    <leader>01400nam a2200397 a 4500</leader>
    <controlfield tag="001">a3027805</controlfield>
    <controlfield tag="008">950630s1995    it            000 0 ita  </controlfield>
    <datafield tag="245" ind1="1" ind2="0">
      <subfield code="a">600ax, 650azx, 651axy</subfield>
    </datafield>
    <datafield tag="600" ind1="1" ind2="0">
      <subfield code="a">Andreotti, Giulio</subfield>
      <subfield code="x">Interviews.</subfield>
    </datafield>
    <datafield tag="650" ind1=" " ind2="0">
      <subfield code="a">Presidents</subfield>
      <subfield code="z">Italy</subfield>
      <subfield code="x">Interviews.</subfield>
    </datafield>
    <datafield tag="651" ind1=" " ind2="0">
      <subfield code="a">Italy</subfield>
      <subfield code="x">Politics and government</subfield>
      <subfield code="y">1976-1994.</subfield>
    </datafield>
  </record>