
  <!-- 600, 650, 653 -->
  <record>
    <leader>00947cam a2200265 a 4500</leader>
    <controlfield tag="001">a345228</controlfield>
    <controlfield tag="008">891204s1990    ru            000 0 rus  </controlfield>
    <datafield tag="245" ind1="1" ind2="0">
      <subfield code="a">600a, 650azzx, 650azzx, 653aaa</subfield>
    </datafield>
    <datafield tag="600" ind1="1" ind2="0">
      <subfield code="a">Zemnukhov, Ivan.</subfield>
    </datafield>
    <datafield tag="650" ind1=" " ind2="0">
      <subfield code="a">World War, 1939-1945</subfield>
      <subfield code="z">Ukraine</subfield>
      <subfield code="z">Krasnodon</subfield>
      <subfield code="x">Underground movements.</subfield>
    </datafield>
    <datafield tag="650" ind1=" " ind2="0">
      <subfield code="a">Guerrillas</subfield>
      <subfield code="z">Ukraine</subfield>
      <subfield code="z">Krasnodon</subfield>
      <subfield code="x">Biography.</subfield>
    </datafield>
    <datafield tag="653" ind1="0" ind2=" ">
      <subfield code="a">Soviet Union;</subfield>
      <subfield code="a">soldiers;</subfield>
      <subfield code="a">biography</subfield>
    </datafield>
  </record>