
  <!-- 610 only -->
  <record>
    <leader>00941nam a22002651  4500</leader>
    <controlfield tag="001">a115472</controlfield>
    <controlfield tag="008">740123s1966    ii a          000 0 eng  </controlfield>
    <datafield tag="245" ind1="1" ind2="0">
      <subfield code="a">610az, 610a</subfield>
    </datafield>
    <datafield tag="610" ind1="2" ind2="0">
      <subfield code="a">European Economic Community</subfield>
      <subfield code="z">India.</subfield>
    </datafield>
    <datafield tag="610" ind1="2" ind2="0">
      <subfield code="a">European Economic Community.</subfield>
    </datafield>
  </record>