
  <!-- 610atpv -->
  <record>
    <leader>00941nam a22002651  4500</leader>
    <controlfield tag="001">a610atpv</controlfield>
    <controlfield tag="008">740123s1966    ii a          000 0 eng  </controlfield>
    <datafield tag="245" ind1="1" ind2="0">
      <subfield code="a">610atpv</subfield>
    </datafield>
    <datafield tag="610" ind1="2" ind2="0">
      <subfield code="a">United States Strategic Bombing Survey.</subfield>
      <subfield code="t">Reports.</subfield>
      <subfield code="p">Pacific war</subfield>
      <subfield code="v">Indexes.</subfield>
    </datafield>
  </record>