
  <!-- 610, 650 -->
  <record>
    <leader>01489cam a2200349 a 4500</leader>
    <controlfield tag="001">a5324531</controlfield>
    <controlfield tag="008">020410s2002    njub     b    001 0 eng  </controlfield>
    <datafield tag="245" ind1="1" ind2="0">
      <subfield code="a">610ax, 650az, 650azx</subfield>
    </datafield>
    <datafield tag="610" ind1="2" ind2="0">
      <subfield code="a">Zhong yang dian shi tai (Beijing, China)</subfield>
      <subfield code="x">History.</subfield>
    </datafield>
    <datafield tag="650" ind1=" " ind2="0">
      <subfield code="a">Television broadcasting of news</subfield>
      <subfield code="z">China.</subfield>
    </datafield>
    <datafield tag="650" ind1=" " ind2="0">
      <subfield code="a">Television broadcasting</subfield>
      <subfield code="z">China</subfield>
      <subfield code="x">History.</subfield>
    </datafield>
    <!-- 610, 651 -->
    <record>
      <leader>01027cam a2200265 a 4500</leader>
      <controlfield tag="001">a6808639</controlfield>
      <controlfield tag="008">070521s1999    cc            000 0 chi  </controlfield>
      <datafield tag="245" ind1="0" ind2="0">
        <subfield code="a">610-6ax, 651axy</subfield>
      </datafield>
      <datafield tag="610" ind1="2" ind2="0">
        <subfield code="6">880-04</subfield>
        <subfield code="a">Zhongguo gong chan dang</subfield>
        <subfield code="x">Party work.</subfield>
      </datafield>
      <datafield tag="651" ind1=" " ind2="0">
        <subfield code="a">China</subfield>
        <subfield code="x">Politics and government</subfield>
        <subfield code="y">1976-</subfield>
      </datafield>
    </record>
  </record>