
  <!-- 630alsf -->
  <record>
    <leader>01184nam a2200277ua 4500</leader>
    <controlfield tag="001">a630alsf</controlfield>
    <controlfield tag="008">830224s1982    ilua     b    001 0deng  </controlfield>
    <datafield tag="245" ind1="1" ind2="0">
      <subfield code="a">630alsf</subfield>
    </datafield>
    <datafield tag="630" ind1="0" ind2="#">
      <subfield code="a">Bible.</subfield>
      <subfield code="l">Latin.</subfield>
      <subfield code="s">Vulgate.</subfield>
      <subfield code="f">1454?</subfield>
    </datafield>
  </record>