
  <!-- 630, 600, 610, 650 -->
  <record>
    <leader>01669nam a2200289ua 4500</leader>
    <controlfield tag="001">a1261173</controlfield>
    <controlfield tag="008">870715r19741700ctu     a     000 0 eng d</controlfield>
    <datafield tag="245" ind1="1" ind2="4">
      <subfield code="a">600acdt, 610ab, 630a, 650ax</subfield>
    </datafield>
    <datafield tag="600" ind1="1" ind2="0">
      <subfield code="a">Somers, John Somers,</subfield>
      <subfield code="c">Baron,</subfield>
      <subfield code="d">1651-1716.</subfield>
      <subfield code="t">Letter ballancing the necessity of keeping a land-force in times of peace, with the dangers that may follow on it.</subfield>
    </datafield>
    <datafield tag="610" ind1="1" ind2="0">
      <subfield code="a">England and Wales.</subfield>
      <subfield code="b">Army.</subfield>
    </datafield>
    <datafield tag="630" ind1="0" ind2="0">
      <subfield code="a">Magna Carta.</subfield>
    </datafield>
    <datafield tag="650" ind1=" " ind2="0">
      <subfield code="a">Standing army</subfield>
      <subfield code="x">Early works to 1800.</subfield>
    </datafield>
  </record>