
  <!-- 650 only -->
  <record>
    <leader>01184nam a2200277ua 4500</leader>
    <controlfield tag="001">a1033119</controlfield>
    <controlfield tag="008">830224s1982    ilua     b    001 0deng  </controlfield>
    <datafield tag="245" ind1="1" ind2="0">
      <subfield code="a">650axz</subfield>
    </datafield>
    <datafield tag="650" ind1=" " ind2="0">
      <subfield code="a">Christian saints</subfield>
      <subfield code="x">Cult</subfield>
      <subfield code="z">Europe.</subfield>
    </datafield>
  </record>