
  <!-- 650 only -->
  <record>
    <leader>00974pam a2200253 a 4500</leader>
    <controlfield tag="001">a3941911</controlfield>
    <controlfield tag="008">971224s1998    nyu           000 1 eng  </controlfield>
    <datafield tag="245" ind1="1" ind2="0">
      <subfield code="a">650azv</subfield>
    </datafield>
    <datafield tag="650" ind1=" " ind2="0">
      <subfield code="a">Jews</subfield>
      <subfield code="z">New York (State)</subfield>
      <subfield code="v">Fiction.</subfield>
    </datafield>
  </record>