
  <!-- 650 only -->
  <record>
    <leader>01247cas a2200337 a 4500</leader>
    <controlfield tag="001">a460947</controlfield>
    <controlfield tag="008">830415c19809999vauuu    a    0    0eng  </controlfield>
    <datafield tag="245" ind1="0" ind2="0">
      <subfield code="a">650axxx</subfield>
    </datafield>
    <datafield tag="650" ind1=" " ind2="0">
      <subfield code="a">Hispanic Americans</subfield>
      <subfield code="x">Social conditions</subfield>
      <subfield code="x">Abstracts</subfield>
      <subfield code="x">Periodicals.</subfield>
    </datafield>
  </record>