
  <!-- 650 only -->
  <record>
    <leader>00928cam a2200229 a 4500</leader>
    <controlfield tag="001">a229800</controlfield>
    <controlfield tag="008">870909s1986    enka          000 0 eng d</controlfield>
    <datafield tag="245" ind1="0" ind2="0">
      <subfield code="a">two 650a</subfield>
    </datafield>
    <datafield tag="650" ind1=" " ind2="0">
      <subfield code="a">Commodity exchanges.</subfield>
    </datafield>
    <datafield tag="650" ind1=" " ind2="0">
      <subfield code="a">Foreign exchange.</subfield>
    </datafield>
  </record>