
  <!-- 650 only -->
  <record>
    <leader>01151cam a2200277 i 4500</leader>
    <controlfield tag="001">a804724</controlfield>
    <controlfield tag="008">800812s1979    ilu      b    000 0 eng  </controlfield>
    <datafield tag="245" ind1="1" ind2="0">
      <subfield code="a">650azx, 650azx</subfield>
    </datafield>
    <datafield tag="650" ind1=" " ind2="0">
      <subfield code="a">Taxation and government property</subfield>
      <subfield code="z">United States</subfield>
      <subfield code="x">Bibliography.</subfield>
    </datafield>
    <datafield tag="650" ind1=" " ind2="0">
      <subfield code="a">Tax exemption</subfield>
      <subfield code="z">United States</subfield>
      <subfield code="x">Bibliography.</subfield>
    </datafield>
  </record>