
  <!-- 650 only -->
  <record>
    <leader>00829cam a2200241   4500</leader>
    <controlfield tag="001">a2913114</controlfield>
    <controlfield tag="008">710329s1971    nyu      b    001 0 eng  </controlfield>
    <datafield tag="245" ind1="1" ind2="0">
      <subfield code="a">650axx, 650az</subfield>
    </datafield>
    <datafield tag="650" ind1=" " ind2="0">
      <subfield code="a">World War, 1939-1945</subfield>
      <subfield code="x">Jews</subfield>
      <subfield code="x">Rescue.</subfield>
    </datafield>
    <datafield tag="650" ind1=" " ind2="0">
      <subfield code="a">Jews</subfield>
      <subfield code="z">Poland.</subfield>
    </datafield>
  </record>