
  <!-- 650 only -->
  <record>
    <leader>01346cam a2200325 a 45 0</leader>
    <controlfield tag="001">a4698973</controlfield>
    <controlfield tag="008">001107s2000    sa       b    000 0 eng d</controlfield>
    <datafield tag="245" ind1="0" ind2="0">
      <subfield code="a">650ax, 650axx, 650az, 650a2, 650a</subfield>
    </datafield>
    <datafield tag="650" ind1=" " ind2="0">
      <subfield code="a">Missions</subfield>
      <subfield code="x">Biblical teaching.</subfield>
    </datafield>
    <datafield tag="650" ind1=" " ind2="0">
      <subfield code="a">Multiculturalism</subfield>
      <subfield code="x">Religious aspects</subfield>
      <subfield code="x">Christianity.</subfield>
    </datafield>
    <datafield tag="650" ind1=" " ind2="0">
      <subfield code="a">Missions</subfield>
      <subfield code="z">Africa.</subfield>
    </datafield>
    <datafield tag="650" ind1=" " ind2="7">
      <subfield code="a">Flyby missions.</subfield>
      <subfield code="2">nasat</subfield>
    </datafield>
    <datafield tag="650" ind1=" " ind2="0">
      <subfield code="a">Christianity and culture.</subfield>
    </datafield>
  </record>