
  <!-- 650, 651 -->
  <record>
    <leader>00778nam a2200205Ma 4500</leader>
    <controlfield tag="001">a2099904</controlfield>
    <controlfield tag="008">850729s1918    ru            000 0 rusod</controlfield>
    <datafield tag="245" ind1="1" ind2="0">
      <subfield code="a">650az, 650az, 651ax</subfield>
    </datafield>
    <datafield tag="650" ind1=" " ind2="0">
      <subfield code="a">Revolutions</subfield>
      <subfield code="z">Soviet Union.</subfield>
    </datafield>
    <datafield tag="651" ind1=" " ind2="0">
      <subfield code="a">Soviet Union</subfield>
      <subfield code="x">History.</subfield>
    </datafield>
  </record>