
  <!-- 650 and 651 -->
  <record>
    <leader>01823cas a22004457a 4500</leader>
    <controlfield tag="001">a4114632</controlfield>
    <controlfield tag="008">961105d19961996dcuuuu       f0    0eng d</controlfield>
    <datafield tag="245" ind1="0" ind2="0">
      <subfield code="a">650azv, 651axxv</subfield>
    </datafield>
    <datafield tag="650" ind1=" " ind2="0">
      <subfield code="a">Industrial statistics</subfield>
      <subfield code="z">United States</subfield>
      <subfield code="v">Periodicals.</subfield>
    </datafield>
    <datafield tag="651" ind1=" " ind2="0">
      <subfield code="a">United States</subfield>
      <subfield code="x">Commerce</subfield>
      <subfield code="x">Statistics</subfield>
      <subfield code="v">Periodicals.</subfield>
    </datafield>
  </record>