
  <!-- 650 and 651 -->
  <record>
    <leader>00880cam a2200229K  45 0</leader>
    <controlfield tag="001">a7651581</controlfield>
    <controlfield tag="008">870518s1946    bl            000 0 por d</controlfield>
    <datafield tag="245" ind1="1" ind2="3">
      <subfield code="a">650a, 650az, 651axv</subfield>
    </datafield>
    <datafield tag="650" ind1=" " ind2="0">
      <subfield code="a">Patriotic poetry, Brazilian.</subfield>
    </datafield>
    <datafield tag="650" ind1=" " ind2="0">
      <subfield code="a">Poetry of places</subfield>
      <subfield code="z">Brazil.</subfield>
    </datafield>
    <datafield tag="651" ind1=" " ind2="0">
      <subfield code="a">Brazil</subfield>
      <subfield code="x">Description and travel</subfield>
      <subfield code="v">Poetry.</subfield>
    </datafield>
  </record>