
  <!-- 651 only  -->
  <record>
    <leader>01854nea a2200421Ka 45 0</leader>
    <controlfield tag="001">a6280316</controlfield>
    <controlfield tag="008">050825m18911895dcud      a  fs 0   eng d</controlfield>
    <datafield tag="245" ind1="1" ind2="0">
      <subfield code="a">two 651av</subfield>
    </datafield>
    <datafield tag="651" ind1=" " ind2="0">
      <subfield code="a">Arkansas</subfield>
      <subfield code="v">Maps.</subfield>
    </datafield>
    <datafield tag="651" ind1=" " ind2="0">
      <subfield code="a">Tennessee</subfield>
      <subfield code="v">Maps.</subfield>
    </datafield>
  </record>