
  <!-- 651 only  -->
  <record>
    <leader>01139cam a2200229 i 4500</leader>
    <controlfield tag="001">a1962398</controlfield>
    <controlfield tag="008">790220||||||||||||           ||| | eng  </controlfield>
    <datafield tag="245" ind1="1" ind2="2">
      <subfield code="a">651axz, 651axzx, 651axzxxx</subfield>
    </datafield>
    <datafield tag="651" ind1=" " ind2="0">
      <subfield code="a">Africa, Sub-Saharan</subfield>
      <subfield code="x">Library resources</subfield>
      <subfield code="z">United States.</subfield>
    </datafield>
    <datafield tag="651" ind1=" " ind2="0">
      <subfield code="a">Portugal</subfield>
      <subfield code="x">Colonies</subfield>
      <subfield code="z">Africa</subfield>
      <subfield code="x">Bibliography.</subfield>
    </datafield>
    <datafield tag="651" ind1=" " ind2="0">
      <subfield code="a">Portugal</subfield>
      <subfield code="x">Colonies</subfield>
      <subfield code="z">Africa</subfield>
      <subfield code="x">History</subfield>
      <subfield code="x">Sources</subfield>
      <subfield code="x">Bibliography.</subfield>
    </datafield>
  </record>