
  <!-- 655 only -->
  <record>
    <leader>01102cam a2200289Li 4500</leader>
    <controlfield tag="001">a6551</controlfield>
    <controlfield tag="008">980209s1851    ohu     s     00| 0 eng u</controlfield>
    <datafield tag="245" ind1="1" ind2="4">
      <subfield code="a">655cbcbca2</subfield>
    </datafield>
    <datafield tag="655" ind1=" " ind2="7">
      <subfield code="c">k</subfield>
      <subfield code="b">Laminated</subfield>
      <subfield code="c">m</subfield>
      <subfield code="b">marblewood</subfield>
      <subfield code="c">v</subfield>
      <subfield code="a">bust.</subfield>
      <subfield code="2">aat</subfield>
    </datafield>
  </record>