
  <!-- 655 only -->
  <record>
    <leader>01102cam a2200289Li 4500</leader>
    <controlfield tag="001">a6552</controlfield>
    <controlfield tag="008">980209s1851    ohu     s     00| 0 eng u</controlfield>
    <datafield tag="245" ind1="1" ind2="4">
      <subfield code="a">655axyz</subfield>
    </datafield>
    <datafield tag="655" ind1=" " ind2="7">
      <subfield code="a">Dictionaries</subfield>
      <subfield code="x">French</subfield>
      <subfield code="y">18th century.</subfield>
      <subfield code="2">rbgenr</subfield>
    </datafield>
  </record>