
  <!-- 655 only -->
  <record>
    <leader>01102cam a2200289Li 4500</leader>
    <controlfield tag="001">a6553</controlfield>
    <controlfield tag="008">980209s1851    ohu     s     00| 0 eng u</controlfield>
    <datafield tag="245" ind1="1" ind2="4">
      <subfield code="a">655axzy2, 655-3azy2</subfield>
    </datafield>
    <datafield tag="655" ind1=" " ind2="7">
      <subfield code="a">Photoprints</subfield>
      <subfield code="x">Color</subfield>
      <subfield code="z">Panama Canal Zone</subfield>
      <subfield code="y">1900-1950</subfield>
      <subfield code="2">gmgpc</subfield>
    </datafield>
    <datafield tag="655" ind1=" " ind2="7">
      <subfield code="3">Municipal Fire Station records</subfield>
      <subfield code="a">Fire Reports</subfield>
      <subfield code="z">Atlanta, Georgia</subfield>
      <subfield code="y">1978</subfield>
      <subfield code="2">[thesaurus code]</subfield>
    </datafield>
  </record>