
  <!-- 655 (and 650) -->
  <record>
    <leader>01102cam a2200289Li 4500</leader>
    <controlfield tag="001">a7233951</controlfield>
    <controlfield tag="008">980209s1851    ohu     s     00| 0 eng u</controlfield>
    <datafield tag="245" ind1="1" ind2="4">
      <subfield code="a">650a, two 655a</subfield>
    </datafield>
    <datafield tag="650" ind1="1" ind2="2">
      <subfield code="a">Homeopathy</subfield>
    </datafield>
    <datafield tag="655" ind1=" " ind2="4">
      <subfield code="a">Internet Resource</subfield>
    </datafield>
    <datafield tag="655" ind1=" " ind2="4">
      <subfield code="a">Lectures</subfield>
    </datafield>
  </record>