
  <!-- 655 and 650 -->
  <record>
    <leader>01102cam a2200289Li 4500</leader>
    <controlfield tag="001">a111</controlfield>
    <controlfield tag="008">980209s1851    ohu     s     00| 0 eng u</controlfield>
    <datafield tag="245" ind1="1" ind2="4">
      <subfield code="a">650a, 655ay2, 655azy2</subfield>
    </datafield>
    <datafield tag="650" ind1="1" ind2="2">
      <subfield code="a">Zoology</subfield>
    </datafield>
    <datafield tag="655" ind1=" " ind2="7">
      <subfield code="a">Cartoons</subfield>
      <subfield code="y">1952</subfield>
      <subfield code="2">gmgpc</subfield>
    </datafield>
    <datafield tag="655" ind1=" " ind2="7">
      <subfield code="a">Gampi fibers (Paper)</subfield>
      <subfield code="z">Japan</subfield>
      <subfield code="y">1955</subfield>
      <subfield code="2">rbpap</subfield>
    </datafield>
  </record>