
  <!-- 650a nomesh with a friend: leave out of subjects-->
  <record>
    <leader>01102cam a2200289Li 4500</leader>
    <controlfield tag="001">a1112</controlfield>
    <controlfield tag="008">980209s1851    ohu     s     00| 0 eng u</controlfield>
    <datafield tag="245" ind1="1" ind2="4">
      <subfield code="a">650a nomesh with valid 600b: leave nomesh out of subjects</subfield>
    </datafield>
    <datafield tag="600" ind1="1" ind2="2">
      <subfield code="a">muppets</subfield>
    </datafield>
    <datafield tag="650" ind1="1" ind2="2">
      <subfield code="a">nomesh</subfield>
    </datafield>
  </record>