
  <!-- 655a Fulltext: leave out of subjects-->
  <record>
    <leader>01102cam a2200289Li 4500</leader>
    <controlfield tag="001">a1131</controlfield>
    <controlfield tag="008">980209s1851    ohu     s     00| 0 eng u</controlfield>
    <datafield tag="245" ind1="1" ind2="4">
      <subfield code="a">655a Fulltext: leave out of subjects</subfield>
    </datafield>
    <datafield tag="650" ind1="1" ind2="2">
      <subfield code="a">kermit the frog</subfield>
    </datafield>
    <datafield tag="655" ind1=" " ind2="4">
      <subfield code="a">Fulltext</subfield>
    </datafield>
  </record>