
  <!-- mult 655a subjects to ignore-->
  <record>
    <leader>01102cam a2200289Li 4500</leader>
    <controlfield tag="001">a1133</controlfield>
    <controlfield tag="008">980209s1851    ohu     s     00| 0 eng u</controlfield>
    <datafield tag="245" ind1="1" ind2="4">
      <subfield code="a">mult 655a subjects to ignore</subfield>
    </datafield>
    <datafield tag="650" ind1="1" ind2="2">
      <subfield code="a">Research</subfield>
      <subfield code="x">methods</subfield>
    </datafield>
    <datafield tag="655" ind1=" " ind2="4">
      <subfield code="a">Fulltext</subfield>
    </datafield>
    <datafield tag="655" ind1=" " ind2="4">
      <subfield code="a">Internet Resource</subfield>
    </datafield>
    <datafield tag="655" ind1=" " ind2="4">
      <subfield code="a">LaneConnex</subfield>
    </datafield>
  </record>