
  <!-- collection 655a to ignore-->
  <record>
    <leader>01102cam a2200289Li 4500</leader>
    <controlfield tag="001">a1142</controlfield>
    <controlfield tag="008">980209s1851    ohu     s     00| 0 eng u</controlfield>
    <datafield tag="245" ind1="1" ind2="4">
      <subfield code="a">Collection 655a to ignore</subfield>
    </datafield>
    <datafield tag="650" ind1="1" ind2="2">
      <subfield code="a">Gonzo</subfield>
    </datafield>
    <datafield tag="655" ind1=" " ind2="4">
      <subfield code="a">Collection</subfield>
    </datafield>
  </record>