
  
  <!-- Trailing punctuation -->
  <record>
    <leader>01854nea a2200421Ka 45 0</leader>
    <controlfield tag="001">a600trailingComma</controlfield>
    <controlfield tag="008">050825m18911895dcud      a  fs 0   eng d</controlfield>
    <datafield tag="245" ind1="1" ind2="0">
      <subfield code="a">600 trailing comma</subfield>
    </datafield>
    <datafield tag="600" ind1="1" ind2="0">
      <subfield code="a">Monroe, Marilyn,</subfield>
      <subfield code="d">1926-1962,</subfield>
      <subfield code="e">depicted.</subfield>
    </datafield>
  </record>