
  
  <record>
    <leader>01854nea a2200421Ka 45 0</leader>
    <controlfield tag="001">a630trailing</controlfield>
    <controlfield tag="008">050825m18911895dcud      a  fs 0   eng d</controlfield>
    <datafield tag="245" ind1="1" ind2="0">
      <subfield code="a">630 sub p trailing period</subfield>
    </datafield>
    <datafield tag="630" ind1="0" ind2="0">
      <subfield code="a">Bible.</subfield>
      <subfield code="p">N.T.</subfield> <!-- special case!  leave puncutation in! -->
      <subfield code="p">Romans</subfield>
      <subfield code="x">Geography</subfield>
      <subfield code="x">Maps.</subfield>
    </datafield>
  </record>