
  
  <record>
    <leader>01854nea a2200421Ka 45 0</leader>
    <controlfield tag="001">a650trailing</controlfield>
    <controlfield tag="008">050825m18911895dcud      a  fs 0   eng d</controlfield>
    <datafield tag="245" ind1="1" ind2="0">
      <subfield code="a">650 trailing paren</subfield>
    </datafield>
    <datafield tag="650" ind1="#" ind2="0">
      <subfield code="a">BASIC (Computer program language)</subfield>
    </datafield>
  </record>