
<!-- trailing punctuation 651a geographic string -->
  <record>
    <leader>01854nea a2200421Ka 45 0</leader>
    <controlfield tag="001">a651numPeriod</controlfield>
    <controlfield tag="008">050825m18911895dcud      a  fs 0   eng d</controlfield>
    <datafield tag="245" ind1="1" ind2="0">
      <subfield code="a">651a trailing period after digits</subfield>
    </datafield>
    <datafield tag="651" ind1=" " ind2="7">
      <subfield code="a">7.150.</subfield>
      <subfield code="2">gtt</subfield>
    </datafield>
  </record>